@article{Gabriel2017,
author = {J. G. del Solar and F. A. Soares and C. J. Miosso},
doi = {10.1590/2446-4740.01517.},
journal = {Research on Biomedical Engineering},
keywords = {anvisa,biomedical engineering,brazilian clinical engineering,confea,crea system,legislation,regulation},
number = {4},
pages = {301--312},
title = {{Brazilian Clinical Engineering Regulations: Health Equipment Management and Conditions for Professional Exercise}},
volume = {33},
year = {2017}
}
