

@article{Gabriel2017,
author = {J. G. del Solar and F. A. Soares and C. J. Miosso},
doi = {10.1590/2446-4740.01517.},
journal = {Research on BiomedicalSSS Engineering},
keywords = {anvisa,biomedical engineering,brazilian clinical engineering,confea,crea system,legislation,regulation},
number = {4},
pages = {301--312},
title = {{Brazilian Clinical Engineering Regulations: Health Equipment Management and Conditions for Professional Exercise}},
volume = {33},
year = {2017}
}

@article{Ghahabi2017,
author = {O. Ghahabi and J. Hernando},
doi = {10.1109/TASLP.2017.2661705},
issn = {2329-9290},
journal = {IEEE/ACM Transactions on Audio, Speech, and Language Processing},
month = {Abril de},
number = {4},
pages = {807--817},
title = {{Deep Learning Backend for Single and Multisession i-Vector Speaker Recognition}},
volume = {25},
year = {2017}
}

@phdthesis{Avelino2013,
author = {S. R. Avelino},
school = {Programa de Pós-Graduação em Engenharia Biomédica, Universidade de Bras{\'{i}}lia, Campus Gama},
title = {{Desenvolvimento e avalia{\c{c}}{\~{a}}o de um sistema baseado em impressora 3D para confec{\c{c}}{\~{a}}o de blocos compensadores em radioterapia de intensidade modulada -- IMRT}},
type = {Disserta{\c{c}}{\~{a}}o de Mestrado},
url = {http://repositorio.unb.br/handle/10482/14393},
year = {2013}
}

@phdthesis{Gomes2011,
author = {M. M. F. Gomes},
school = {Centro de Desenvolvimento e Planejamento Regional, Faculdade de Ciências Econômicas, Universidade Federal de Minas Gerais -- UFMG},
title = {{Passado e presente: uma análise dos determinantes da mortalidade entre idosos com base nos dados da SABE 2000--2006}},
type = {Tese de doutorado},
url = {http://www.bibliotecadigital.ufmg.br/dspace/handle/1843/BUOS-8SSKT6},
year = {2011}
}

@book{marconi.lakatos:2003,
author = {{M. de A.} Marconi and E. M. Lakatos},
title = {Fundamentos de Metodologia Científica},
publisher = {Editora Atlas S. A.},
year = {2003},
address = {São Paulo, SP},
edition = {5${^{\textrm{a}} }$},
isbn = {85-224-3397-6}
}
